@article{guo2017survey,
  title={A survey on the security of blockchain systems},
  author={Guo, Ye and Liang, Zhenjie},
  journal={Future Generation Computer Systems},
  volume={107},
  pages={841--853},
  year={2020},
  publisher={Elsevier}
}

@inproceedings{chong2006architecture,
  title={Architecture strategies for catching the long tail},
  author={Chong, Frederick and Carraro, Gianpaolo and Wolter, Roger},
  booktitle={Microsoft MSDN Library},
  year={2006}
}

@book{monk2012enterprise,
  title={Enterprise resource planning},
  author={Monk, Ellen and Wagner, Brett},
  year={2012},
  publisher={Cengage Learning}
}

@article{wang2019blockchain,
  title={Blockchain-enabled smart contracts: architecture, applications, and future trends},
  author={Wang, Shijun and Yuan, Yong and Wang, Xiaotao and Li, Juanjuan and Qin, Rui and Wang, Fei-Yue},
  journal={IEEE Transactions on Systems, Man, and Cybernetics: Systems},
  volume={49},
  number={11},
  pages={2266--2277},
  year={2019},
  publisher={IEEE}
}

@inproceedings{kwok2018agricultural,
  title={Agricultural supply chain optimization with IoT and blockchain: A review},
  author={Kwok, Alvin O and Koh, Siew Gek},
  booktitle={2018 International Conference on Information and Communication Technology for the Muslim World (ICT4M)},
  pages={1--6},
  year={2018},
  organization={IEEE}
}

@article{liu2020edge,
  title={Edge computing for Internet of Things: A survey},
  author={Liu, Yuyi and Peng, Mugen and Shou, Guochu and Chen, Yiqing and Chen, Sheng},
  journal={IEEE Internet of Things Journal},
  volume={7},
  number={8},
  pages={6491--6516},
  year={2020},
  publisher={IEEE}
}

@book{armbrust2010view,
  title={A view of cloud computing},
  author={Armbrust, Michael and Fox, Armando and Griffith, Rean and Joseph, Anthony D and Katz, Randy and Konwinski, Andy and Lee, Gunho and Patterson, David and Rabkin, Ariel and Stoica, Ion and others},
  year={2010},
  publisher={Springer}
}

@article{zhang2019ai,
  title={AI in agriculture: A survey},
  author={Zhang, X and Zhang, J and Li, L and Zhang, Y and Yang, G},
  journal={Artificial Intelligence in Agriculture},
  volume={3},
  pages={1--19},
  year={2019},
  publisher={Elsevier}
}

@inproceedings{chen2019iot,
  title={IoT-based agriculture as a cloud and big data service: The beginning of digital India},
  author={Chen, Min and Mao, Shiwen and Liu, Yunhao},
  booktitle={2019 IEEE International Conference on Internet of Things (iThings) and IEEE Green Computing and Communications (GreenCom) and IEEE Cyber, Physical and Social Computing (CPSCom) and IEEE Smart Data (SmartData)},
  pages={1--6},
  year={2019},
  organization={IEEE}
}

@article{wang2020blockchain,
  title={Blockchain and edge computing for decentralized IoT data marketplace: A survey},
  author={Wang, Shuai and Zhang, Yan and Zhang, Yulei},
  journal={IEEE Internet of Things Journal},
  volume={7},
  number={8},
  pages={7459--7476},
  year={2020},
  publisher={IEEE}
}